<?xml version = "1.0" encoding = "UTF-8"?><OAI-PMH xmlns="http://www.openarchives.org/OAI/2.0/" xmlns:xsi="http://www.w3.org/2001/XMLSchema-instance" xsi:schemaLocation="http://www.openarchives.org/OAI/2.0/ http://www.openarchives.org/OAI/2.0/OAI-PMH.xsd"><ListRecords><record><header><identifier>aleph-publish:036625843</identifier></header><metadata><record xmlns="http://www.ddb.de/professionell/mabxml/mabxml-1.xsd"><leader>00000nM2.01200024------h</leader><controlfield tag="LDR">00000nM2.01200024------h</controlfield><controlfield tag="FMT">MH</controlfield><datafield tag="001" ind1="-" ind2="1"><subfield code="a">HT020433065</subfield></datafield><datafield tag="002" ind1="a" ind2="1"><subfield code="a">20200421</subfield></datafield><datafield tag="003" ind1="-" ind2="1"><subfield code="a">20210409174010.0</subfield></datafield><datafield tag="025" ind1="a" ind2="1"><subfield code="a">410517700</subfield></datafield><datafield tag="026" ind1="-" ind2="1"><subfield code="a">DNB352558806</subfield></datafield><controlfield tag="030">a||u|||||||37</controlfield><datafield tag="036" ind1="a" ind2="1"><subfield code="a">XA-DE</subfield></datafield><datafield tag="037" ind1="b" ind2="1"><subfield code="a">ger</subfield></datafield><controlfield tag="050">|||||aa|||||||</controlfield><controlfield tag="051">m|||||||</controlfield><datafield tag="060" ind1="-" ind2="1"><subfield code="b">prm</subfield><subfield code="a">aufgeführte Musik</subfield></datafield><datafield tag="061" ind1="-" ind2="1"><subfield code="b">s</subfield><subfield code="a">audio</subfield></datafield><datafield tag="062" ind1="-" ind2="1"><subfield code="b">sd</subfield><subfield code="a">Audiodisk</subfield></datafield><datafield tag="064" ind1="b" ind2="1"><subfield code="a">CD</subfield><subfield code="9">(DE-588)4522869-3</subfield></datafield><datafield tag="070" ind1="-" ind2="1"><subfield code="a">465</subfield></datafield><datafield tag="080" ind1="-" ind2="1"><subfield code="a">60</subfield></datafield><datafield tag="100" ind1="b" ind2="1"><subfield code="p">Toyama, Shigeru</subfield><subfield code="4">itr</subfield><subfield code="3">Instrumentalmusiker</subfield><subfield code="9">(DE-588)134725727</subfield></datafield><datafield tag="104" ind1="b" ind2="1"><subfield code="p">Yamahata, Matsue</subfield><subfield code="4">itr</subfield><subfield code="3">Instrumentalmusiker</subfield><subfield code="9">(DE-588)134725751</subfield></datafield><datafield tag="108" ind1="b" ind2="1"><subfield code="p">Hayakawa, Masaaki</subfield><subfield code="d">1934-</subfield><subfield code="4">cnd</subfield><subfield code="3">Dirigent</subfield><subfield code="9">(DE-588)13440050X</subfield></datafield><datafield tag="109" ind1="-" ind2="1"><subfield code="p">Hayakawa, Masa-Aki</subfield><subfield code="d">1934-</subfield></datafield><datafield tag="200" ind1="b" ind2="1"><subfield code="k">Tōkyō-Bibarudi-Gasshōdan</subfield><subfield code="4">prf</subfield><subfield code="3">Ausführender</subfield><subfield code="9">(DE-588)10295379-X</subfield></datafield><datafield tag="201" ind1="-" ind2="1"><subfield code="k">Vivaldi-Ensemble</subfield><subfield code="h">Tokio</subfield></datafield><datafield tag="201" ind1="-" ind2="1"><subfield code="k">Vivaldi Ensemble</subfield><subfield code="h">Tokio</subfield></datafield><datafield tag="201" ind1="-" ind2="1"><subfield code="k">Vivaldi Ensemble</subfield><subfield code="h">Tokyo</subfield></datafield><datafield tag="201" ind1="-" ind2="1"><subfield code="k">Tōkyō Bibarudi Gassōdan</subfield></datafield><datafield tag="331" ind1="-" ind2="1"><subfield code="a">Japanese favourite melodies on baroque</subfield></datafield><datafield tag="419" ind1="-" ind2="1"><subfield code="a">Ratingen</subfield><subfield code="b">DENON Electronic</subfield><subfield code="c">[1987]</subfield></datafield><datafield tag="425" ind1="a" ind2="1"><subfield code="a">1987</subfield></datafield><datafield tag="433" ind1="-" ind2="1"><subfield code="a">1 CD</subfield></datafield><datafield tag="435" ind1="-" ind2="1"><subfield code="a">12 cm</subfield></datafield><datafield tag="437" ind1="-" ind2="1"><subfield code="a">1 Beih. (6 S.)</subfield></datafield><datafield tag="440" ind1="-" ind2="1"><subfield code="a">digital</subfield><subfield code="g">Stereo</subfield></datafield><datafield tag="501" ind1="-" ind2="1"><subfield code="a">Interpreten: Toyama, Shigeru [Vl]. Yamahata, Matsue [Hf]. Tōkyō-Bibarudi-gasshōdan. Hayakawa, Masaaki [Dir]... - Aufn.: 1978. - P 1983. - Verkürzte Titelanzeige.</subfield></datafield><datafield tag="521" ind1="-" ind2="1"><subfield code="a">Enth. Werke von Taki, Okano, Hirota, Inoue, Kainuma, Nakata u. Yamada.</subfield></datafield><datafield tag="551" ind1="a" ind2="1"><subfield code="a">DENON 38C38-7065</subfield></datafield><datafield tag="552" ind1="b" ind2="1"><subfield code="a">urn:nbn:de:101:1-2013061112330</subfield></datafield><datafield tag="574" ind1="-" ind2="1"><subfield code="a">91,T12</subfield></datafield><datafield tag="583" ind1="-" ind2="1"><subfield code="a">Archivierung/Langzeitarchivierung gewährleistet</subfield><subfield code="5">DE-101</subfield><subfield code="2">pdager</subfield></datafield><datafield tag="655" ind1="e" ind2="1"><subfield code="u">https://nbn-resolving.org/urn:nbn:de:101:1-2013061112330</subfield><subfield code="x">Resolving-System</subfield><subfield code="A">0</subfield></datafield><datafield tag="700" ind1="-" ind2="1"><subfield code="a">03a</subfield><subfield code="2">DNB</subfield></datafield><datafield tag="700" ind1="-" ind2="1"><subfield code="a">03b</subfield><subfield code="2">DNB</subfield></datafield><controlfield tag="SYS">036625843</controlfield><datafield tag="088" ind1=" " ind2=" "><subfield code="a">465</subfield><subfield code="b">D01</subfield><subfield code="c">KID2530-CD</subfield><subfield code="e">Ausleihbestand</subfield></datafield></record></metadata></record></ListRecords></OAI-PMH>